@article{vos2016global,
  title={Global, regional, and national incidence, prevalence, and years lived with disability for 310 diseases and injuries, 1990--2015: a systematic analysis for the Global Burden of Disease Study 2015},
  author={Vos, Theo and Allen, Christine and Arora, Megha and Barber, Ryan M and Bhutta, Zulfiqar A and Brown, Alexandria and Carter, Austin and Casey, Daniel C and Charlson, Fiona J and Chen, Alan Z and others},
  journal={The Lancet},
  volume={388},
  number={10053},
  pages={1545--1602},
  year={2016},
  publisher={Elsevier}
}

@article{vanmolkot2007novel,
  title={The novel p. L1649Q mutation in the SCN1A epilepsy gene is associated with familial hemiplegic migraine: genetic and functional studies},
  author={Vanmolkot, Kaate RJ and Babini, Elena and de Vries, Boukje and Stam, Anine H and Freilinger, Tobias and Terwindt, Gisela M and Norris, Lisa and Haan, Joost and Frants, Rune R and Ramadan, Nabih M and others},
  journal={Human mutation},
  volume={28},
  number={5},
  pages={522--522},
  year={2007},
  publisher={Wiley Online Library}
}

@article{escayg2010sodium,
  title={Sodium channel SCN1A and epilepsy: mutations and mechanisms},
  author={Escayg, Andrew and Goldin, Alan L},
  journal={Epilepsia},
  volume={51},
  number={9},
  pages={1650--1658},
  year={2010},
  publisher={Wiley Online Library}
}

@article{maki2016functional,
  title={Functional effects of schizophrenia-linked genetic variants on intrinsic single-neuron excitability: a modeling study},
  author={M{\"a}ki-Marttunen, Tuomo and Halnes, Geir and Devor, Anna and Witoelar, Aree and Bettella, Francesco and Djurovic, Srdjan and Wang, Yunpeng and Einevoll, Gaute T and Andreassen, Ole A and Dale, Anders M},
  journal={Biological Psychiatry: Cognitive Neuroscience and Neuroimaging},
  volume={1},
  number={1},
  pages={49--59},
  year={2016},
  publisher={Elsevier}
}

@article{hay2011models,
  title={Models of neocortical layer 5b pyramidal cells capturing a wide range of dendritic and perisomatic active properties},
  author={Hay, Etay and Hill, Sean and Sch{\"u}rmann, Felix and Markram, Henry and Segev, Idan},
  journal={PLoS computational biology},
  volume={7},
  number={7},
  pages={e1002107},
  year={2011},
  publisher={Public Library of Science}
}

@book{gerstner2002spiking,
  title={Spiking neuron models: Single neurons, populations, plasticity},
  author={Gerstner, Wulfram and Kistler, Werner M},
  year={2002},
  publisher={Cambridge university press}
}

@article{tsodyks2000synchrony,
  title={Synchrony generation in recurrent networks with frequency-dependent synapses},
  author={Tsodyks, Misha and Uziel, Asher and Markram, Henry and others},
  journal={J Neurosci},
  volume={20},
  number={1},
  pages={825--835},
  year={2000}
}

@article{jȩdrzejewska2017beta,
  title={$\beta$-adrenergic signaling broadly contributes to LTP induction},
  author={Jȩdrzejewska-Szmek, Joanna and Luczak, Vincent and Abel, Ted and Blackwell, Kim T},
  journal={PLoS computational biology},
  volume={13},
  number={7},
  pages={e1005657},
  year={2017},
  publisher={Public Library of Science}
}
